@book{dockerb,
  title = {The Docker Book: Containerization is the new virtualization},
  author = {Turnbull, James},
  year = {2014},
  publisher = {James Turnbull}
}

@article{dockera,
  title = {Analysis of docker security},
  author = {Bui, Thanh},
  journal = {arXiv preprint arXiv:1501.02967},
  year = {2015}
}

@misc{dockers,
    title = {Abusing Docker Socket for Privilege Escalation},
    author = {Hacktricks},
    howpublished = {Dispon√≠vel em: \xurl{https://book.hacktricks.xyz/linux-hardening/privilege-escalation/docker-security/abusing-docker-socket-for-privilege-escalation#via-mount}. Acesso em: 10/03/2024}
}